@inproceedings{huang2012improving,
  title={Improving word representations via global context and multiple word prototypes},
  author={Huang, Eric H and Socher, Richard and Manning, Christopher D and Ng, Andrew Y},
  booktitle={Proceedings of the 50th Annual Meeting of the Association for Computational Linguistics: Long Papers-Volume 1},
  pages={873--882},
  year={2012},
  organization={Association for Computational Linguistics}
}

@article{miller1995wordnet,
  title={WordNet: a lexical database for English},
  author={Miller, George A},
  journal={Communications of the ACM},
  volume={38},
  number={11},
  pages={39--41},
  year={1995},
  publisher={ACM}
}

@article{neelakantan2015efficient,
  title={Efficient non-parametric estimation of multiple embeddings per word in vector space},
  author={Neelakantan, Arvind and Shankar, Jeevan and Passos, Alexandre and McCallum, Andrew},
  journal={arXiv preprint arXiv:1504.06654},
  year={2015}
}

@inproceedings{fu2014learning,
  title={Learning Semantic Hierarchies via Word Embeddings.},
  author={Fu, Ruiji and Guo, Jiang and Qin, Bing and Che, Wanxiang and Wang, Haifeng and Liu, Ting},
  booktitle={ACL (1)},
  pages={1199--1209},
  year={2014}
}

@article{li2015multi,
  title={Do multi-sense embeddings improve natural language understanding?},
  author={Li, Jiwei and Jurafsky, Dan},
  journal={arXiv preprint arXiv:1506.01070},
  year={2015}
}

@inproceedings{collobert2008unified,
  title={A unified architecture for natural language processing: Deep neural networks with multitask learning},
  author={Collobert, Ronan and Weston, Jason},
  booktitle={Proceedings of the 25th international conference on Machine learning},
  pages={160--167},
  year={2008},
  organization={ACM}
}

@article{cheng2015syntax,
  title={Syntax-aware multi-sense word embeddings for deep compositional models of meaning},
  author={Cheng, Jianpeng and Kartsaklis, Dimitri},
  journal={arXiv preprint arXiv:1508.02354},
  year={2015}
}

@inproceedings{finkelstein2001placing,
  title={Placing search in context: The concept revisited},
  author={Finkelstein, Lev and Gabrilovich, Evgeniy and Matias, Yossi and Rivlin, Ehud and Solan, Zach and Wolfman, Gadi and Ruppin, Eytan},
  booktitle={Proceedings of the 10th international conference on World Wide Web},
  pages={406--414},
  year={2001},
  organization={ACM}
}

@inproceedings{chen2014unified,
  title={A Unified Model for Word Sense Representation and Disambiguation.},
  author={Chen, Xinxiong and Liu, Zhiyuan and Sun, Maosong},
  booktitle={EMNLP},
  pages={1025--1035},
  year={2014},
  organization={Citeseer}
}

@inproceedings{liu2015topical,
  title={Topical Word Embeddings.},
  author={Liu, Yang and Liu, Zhiyuan and Chua, Tat-Seng and Sun, Maosong},
  booktitle={AAAI},
  pages={2418--2424},
  year={2015}
}

@inproceedings{reisinger2010multi,
  title={Multi-prototype vector-space models of word meaning},
  author={Reisinger, Joseph and Mooney, Raymond J},
  booktitle={Human Language Technologies: The 2010 Annual Conference of the North American Chapter of the Association for Computational Linguistics},
  pages={109--117},
  year={2010},
  organization={Association for Computational Linguistics}
}

@article{pina2014simple,
  title={A Simple and Efficient Method to Generate Word Sense Representations},
  author={Pina, Luis Nieto and Johansson, Richard},
  journal={arXiv preprint arXiv:1412.6045},
  year={2014}
}

@article{bengio2003neural,
  title={A neural probabilistic language model},
  author={Bengio, Yoshua and Ducharme, R{\'e}jean and Vincent, Pascal and Jauvin, Christian},
  journal={journal of machine learning research},
  volume={3},
  number={Feb},
  pages={1137--1155},
  year={2003}
}

@inproceedings{mnih2007three,
  title={Three new graphical models for statistical language modelling},
  author={Mnih, Andriy and Hinton, Geoffrey},
  booktitle={Proceedings of the 24th international conference on Machine learning},
  pages={641--648},
  year={2007},
  organization={ACM}
}

@inproceedings{mikolov2010recurrent,
  title={Recurrent neural network based language model.},
  author={Mikolov, Tomas and Karafi{\'a}t, Martin and Burget, Lukas and Cernock{\`y}, Jan and Khudanpur, Sanjeev},
  booktitle={Interspeech},
  volume={2},
  pages={3},
  year={2010}
}

@inproceedings{collobert2008unified,
  title={A unified architecture for natural language processing: Deep neural networks with multitask learning},
  author={Collobert, Ronan and Weston, Jason},
  booktitle={Proceedings of the 25th international conference on Machine learning},
  pages={160--167},
  year={2008},
  organization={ACM}
}

@article{mikolov2013efficient,
  title={Efficient estimation of word representations in vector space},
  author={Mikolov, Tomas and Chen, Kai and Corrado, Greg and Dean, Jeffrey},
  journal={arXiv preprint arXiv:1301.3781},
  year={2013}
}

@inproceedings{morin2005hierarchical,
  title={Hierarchical Probabilistic Neural Network Language Model.},
  author={Morin, Frederic and Bengio, Yoshua},
  booktitle={Aistats},
  volume={5},
  pages={246--252},
  year={2005},
  organization={Citeseer}
}

@inproceedings{mnih2013learning,
  title={Learning word embeddings efficiently with noise-contrastive estimation},
  author={Mnih, Andriy and Kavukcuoglu, Koray},
  booktitle={Advances in Neural Information Processing Systems},
  pages={2265--2273},
  year={2013}
}

@inproceedings{mikolov2013linguistic,
  title={Linguistic Regularities in Continuous Space Word Representations.},
  author={Mikolov, Tomas and Yih, Wen-tau and Zweig, Geoffrey},
  booktitle={HLT-NAACL},
  volume={13},
  pages={746--751},
  year={2013}
}

@inproceedings{bentivogli2004revising,
  title={Revising the wordnet domains hierarchy: semantics, coverage and balancing},
  author={Bentivogli, Luisa and Forner, Pamela and Magnini, Bernardo and Pianta, Emanuele},
  booktitle={Proceedings of the Workshop on Multilingual Linguistic Ressources},
  pages={101--108},
  year={2004},
  organization={Association for Computational Linguistics}
}

@inproceedings{magnini2000integrating,
  title={Integrating Subject Field Codes into WordNet.},
  author={Magnini, Bernardo and Cavaglia, Gabriela},
  booktitle={LREC},
  year={2000}
}

@article{mikolov2013exploiting,
  title={Exploiting similarities among languages for machine translation},
  author={Mikolov, Tomas and Le, Quoc V and Sutskever, Ilya},
  journal={arXiv preprint arXiv:1309.4168},
  year={2013}
}


@inproceedings{gonzalez2012graph,
  title={A graph-based method to improve wordnet domains},
  author={Gonz{\'a}lez, Aitor and Rigau, German and Castillo, Mauro},
  booktitle={International Conference on Intelligent Text Processing and Computational Linguistics},
  pages={17--28},
  year={2012},
  organization={Springer}
}


